@article{Mohrmann2019,
	author = {{Mohrmann, L.} and {Specovius, A.} and {Tiziani, D.} and {Funk, S.} and {Malyshev, D.} and {Nakashima, K.} and {van Eldik, C.}},
	title = {Validation of open-source science tools and background model construction in  astronomy},
	DOI= "10.1051/0004-6361/201936452",
	url= "https://doi.org/10.1051/0004-6361/201936452",
	journal = {A\&A},
	year = 2019,
	volume = 632,
	pages = "A72",
}

@article{Nigro2019,
	author = {{Nigro, C.} and {Deil, C.} and {Zanin, R.} and {Hassan, T.} and {King, J.} and {Ruiz, J. E.} and {Saha, L.} and {Terrier, R.} and {Br\"ugge, K.} and {N\"othe, M.} and {Bird, R.} and {Lin, T. T. Y.} and {Aleksi\'{}c, J.} and {Boisson, C.} and {Contreras, J. L.} and {Donath, A.} and {Jouvin, L.} and {Kelley-Hoskins, N.} and {Khelifi, B.} and {Kosack, K.} and {Rico, J.} and {Sinha, A.}},
	title = {Towards open and reproducible multi-instrument analysis in gamma-ray astronomy},
	DOI= "10.1051/0004-6361/201834938",
	url= "https://doi.org/10.1051/0004-6361/201834938",
	journal = {A\&A},
	year = 2019,
	volume = 625,
	pages = "A10",
}
